
@inproceedings(
    bald07,
    title = {{{CR-MODELS}: An Inference Engine for {CR-Prolog}}},
    author =    "Marcello Balduccini",
    booktitle = "Proceedings of the 9th International Conference on Logic Programming and Non-Monotonic Reasoning (LPNMR'07)",
  editor = "C. Baral and G. Brewka and J. Schlipf",
  volume =  "3662",
  series = "Lecture Notes in Artificial Intelligence",
  publisher = "Springer",
  pages = "18--30",
  year = "2007"
)


@inproceedings{rsig,
  author    = {Marcello Balduccini},
  title     = {Modules and Signature Declarations for A-Prolog: Progress Report},
  booktitle = {Software Engineering for Answer Set Programming Workshop
(SEA07)},
  year      = {2007},
}


@inproceedings(
    gl88,
    title = "{T}he stable model semantics for logic programming",
    author =    "Michael Gelfond and Vladimir Lifschitz",
    booktitle = "Proceedings of ICLP-88",
    year =  "1988",
    pages = "1070--1080",
)


@book(
    GelK12,
    title = "Knowledge Representation, Reasoning, and the
Design of Intelligent Agents",
    author = {Michael Gelfond and Yulia Kahl},
    year =  "2012",
    publisher = "Manuscript",
)


@inproceedings{balduccini2003logic,
  title={Logic programs with consistency-restoring rules},
  author={Balduccini, Marcello and Gelfond, Michael},
  booktitle={International Symposium on Logical Formalization of Commonsense Reasoning, AAAI 2003 Spring Symposium Series},
  volume={102},
  year={2003},
  organization={The AAAI Press}
}

@article{leone2006dlv,
  title={The {DLV} system for knowledge representation and reasoning},
  author={Leone, Nicola and Pfeifer, Gerald and Faber, Wolfgang and Eiter, Thomas and Gottlob, Georg and Perri, Simona and Scarcello, Francesco},
  journal={ACM Transactions on Computational Logic (TOCL)},
  volume={7},
  number={3},
  pages={499--562},
  year={2006},
  publisher={ACM}
}

@article{syrjanen2000lparse,
  title={Lparse 1.0 user's manual},
  author={Syrj{\"a}nen, Tommi},
  year={2000},
  publisher={Citeseer}
}


@inproceedings{sparcconf,
  title={{SPARC} -- sorted {ASP} with Consistency Restoring Rules},
  author={Balai, Evgenii and Gelfond, Michael and Zhang, Yuanlin},
  booktitle={Answer Set Programming and Other Computing Paradigms},
  year={2012}
}

@book{faber1998disjunctive,
  title={Disjunctive Datalog with Strong and Weak Constraints},
  author={Faber, Wolfgang and Ring, Hans-Kudlich},
  year={1998},
  publisher={Citeseer}
}

@incollection{buccafurri1997strong,
  title={Strong and weak constraints in disjunctive datalog},
  author={Buccafurri, Francesco and Leone, Nicola and Rullo, Pasquale},
  booktitle={Logic Programming And Nonmonotonic Reasoning},
  pages={2--17},
  year={1997},
  publisher={Springer}
}

@BOOK{Dec03,
  AUTHOR = {Dechter, R.},
  TITLE = {Constraint Processing},
  PUBLISHER = {Morgan Kaufmann},
  YEAR = {2003},

  EDITION = {},
  ADDRESS = {San Francisco, CA} 
}


@misc{sparc,
  author    = {Evgenii Balai and Michael Gelfond and Yuanlin Zhang. },
  title     = {{SPARC} -- sorted {ASP} with Consistency Restoring Rules},
  howpublished = {http://www.depts.ttu.edu/cs/research/krlab/\#papers, Technical Report, Texas Tech University, USA},
  year = {2012} 
}


@Article(dlv06,
    Author="Nicola Leone and Gerald Pfeifer and Wolfgang Faber and Thomas Eiter and
George Gottlob and Stefania Perri and Francesco Scarcello",
        Journal="ACM Transactions on Computational Logic",
        Title="The {DLV} System for Knowledge Representation and Reasoning",
        Volume="7",
        Parts="3",
        pages = "499--562",
        Year="2006",
    )


@phdthesis(
    Faber98,
    title = "Disjunctive Datalog with Strong and Weak Constraints: Representational and Computational Issues",
    author =    "Wolfgang Faber",
    school =    "Institut f¨ur Informationssysteme, Technische Universit¨at Wien",
    year =  "1998",
    MYfile =    "phd_davy.pdf",
)

